@manual{NBR10520:2002,
	Address = {Rio de Janeiro},
	Month = {08},
	Org-Short = {ABNT},
	Organization = {Associação Brasileira de Normas Técnicas},
	Subtitle = {Informação e documentação --- Citações
	em documentos --- Apresentação},
	Title = {{NBR} 10520},
	Year = 2002}

@manual{NBR6023:2002,
	Address = {Rio de Janeiro},
	Month = {08},
	Org-Short = {ABNT},
	Organization = {Associação Brasileira de Normas Técnicas},
	Subtitle = {Informação e documentação --- Referências --- Apresentação},
	Title = {{NBR} 6023},
	Year = 2002}

@manual{NBR6024:2012,
	Address = {Rio de Janeiro},
	Month = {02},
	Org-Short = {ABNT},
	Organization = {Associação Brasileira de Normas Técnicas},
	Subtitle = {Informação e documentação --- Numeração progressiva das seções de um documento escrito --- Apresentação},
	Title = {{NBR} 6024},
	Year = 2012}

@manual{NBR6027:2012,
	Address = {Rio de Janeiro},
	Month = {12},
	Org-Short = {ABNT},
	Organization = {Associação Brasileira de Normas Técnicas},
	Subtitle = {Informação e documentação --- Sumário --- Apresentação},
	Title = {{NBR} 6027},
	Year = 2012}

@manual{NBR6028:2003,
	Address = {Rio de Janeiro},
	Month = {11},
	Org-Short = {ABNT},
	Organization = {Associação Brasileira de Normas Técnicas},
	Subtitle = {Informação e documentação --- Resumo --- Apresentação},
	Title = {{NBR} 6028},
	Year = 2003}

@manual{NBR14724:2011,
	Address = {Rio de Janeiro},
	Month = {03},
	Org-Short = {ABNT},
	Organization = {Associação Brasileira de Normas Técnicas},
	Subtitle = {Informação e documentação --- Trabalhos acadêmicos --- Apresentação},
	Title = {{NBR} 14724},
	Year = 2011}

@book{ibge1993,
	Address = {Rio de Janeiro},
	Author = {IBGE},
	Edition = {3},
	Org-Short = {IBGE},
	Organization = {Fundação Instituto Brasileiro de Geografia e Estatística},
	Publisher = {Centro de Documentação e Disseminação de Informações.},
	Title = {Normas de apresentação tabular},
	Url = {http://biblioteca.ibge.gov.br/visualizacao/livros/liv23907.pdf},
	urldate = {2019-08-16},
	Year = {1993}}

@book{tcu2023,
        address = {Brasília},
        author = {Tribunal de Contas da União},
        edition = {5},
        org-short = {TCU},
        organization = {Tribunal de Contas da União},
        publisher = {Secretaria-Geral da Presidência},
        title = {Licitações \& Contratos: Orientações e Jurisprudência do TCU / Tribunal de Contas da União},
        year = {2023}
}

@book{ibge2016,
	Address = {Rio de Janeiro},
	Author = {IBGE},
	Edition = {2},
	Org-Short = {IBGE},
	Organization = {Instituto Brasileiro de Geografia e Estatística},
	Title = {Arranjos populacionais e concentrações urbanas no Brasil},
	Url = {https://biblioteca.ibge.gov.br/visualizacao/livros/liv99700.pdf},
	urldate = {2019-08-16},
	Year={2016}}

@manual{abntex2classe,
	Author = {Lauro César Araujo},
	Organization = {Equipe abnTeX2},
	Title = {A classe abntex2},
	Subtitle = {Modelo canônico de trabalhos acadêmicos brasileiros compatível com as normas ABNT NBR 14724:2011, ABNT NBR 6024:2012 e outras},
	Url = {http://www.abntex.net.br/},
	urldate = {2019-08-16},
	Year = {2015}}

@article{hollingsworth1995workflow,
  title={Workflow management coalition: The workflow reference model},
  author={Hollingsworth, David},
  year={1995}
}

@inproceedings{vassiliadis2002conceptual,
  title={Conceptual modeling for ETL processes},
  author={Vassiliadis, Panos and Simitsis, Alkis and Skiadopoulos, Spiros},
  booktitle={Proceedings of the 5th ACM international workshop on Data Warehousing and OLAP},
  pages={14--21},
  year={2002}
}

@article{finnigan2021building,
  title={Building and maintaining metadata aggregation workflows using apache airflow},
  author={Finnigan, Leanne and Toner, Emily},
  journal={Temple University Libraries},
  year={2021}
}

@article{vassiliadis2009extraction,
  title={Extraction, Transformation, and Loading.},
  author={Vassiliadis, Panos and Simitsis, Alkis},
  journal={Encyclopedia of database systems},
  volume={10},
  pages={14},
  year={2009},
  publisher={Citeseer}
}

@book{de2021data,
  title={Data Pipelines with Apache Airflow},
  author={de Ruiter, Julian and Harenslak, Bas},
  year={2021},
  publisher={Simon and Schuster}
}

@article{possamai2020transparencia,
  title={Transpar{\^e}ncia e dados abertos governamentais: possibilidades e desafios a partir da lei de acesso {\`a} informa{\c{c}}{\~a}o},
  author={Possamai, Ana J{\'u}lia and de Souza, Vitoria Gonzatti},
  journal={Administra{\c{c}}{\~a}o P{\'u}blica e Gest{\~a}o Social},
  year={2020}
}

@inproceedings{santos2021ferramenta,
  title={Ferramenta de visualiza{\c{c}}ao de dados abertos do portal de transpar{\^e}ncia da c{\^a}mara municipal da cidade de florian{\'o}polis},
  author={Santos, Maria Teresa Silva and Gasparini, Isabela and Frigo, Luciana Bolan and Dalle Mulle, La{\'\i}s de Oliveira},
  booktitle={Workshop de Computa{\c{c}}{\~a}o Aplicada em Governo Eletr{\^o}nico (WCGE)},
  pages={71--82},
  year={2021},
  organization={SBC}
}

@article{nazario2012avaliaccao,
  title={Avalia{\c{c}}{\~a}o da qualidade da informa{\c{c}}{\~a}o disponibilizada no Portal da Transpar{\^e}ncia do Governo Federal},
  author={Naz{\'a}rio, D{\'e}bora Cabral and Silva, Paulo Fernando da and Rover, Aires Jos{\'e}},
  journal={Revista Democracia Digital e Governo Eletr{\^o}nico},
  number={6},
  year={2012}
}

@inproceedings{schmitz2024sbbd,
 author = {Fernando Schmitz and Lívia Ferrão and Matheus Machado dos Santos and Márcio Castro and Jônata Tyska Carvalho},
 title = { Detecting Fraud in Public Procurement: A GMM-Based Approach to Analyzing Tender Data},
 booktitle = {Anais do XXXIX Simpósio Brasileiro de Bancos de Dados},
 location = {Florianópolis/SC},
 year = {2024},
 keywords = {},
 issn = {2763-8979},
 pages = {207--219},
 publisher = {SBC},
 address = {Porto Alegre, RS, Brasil},
 doi = {10.5753/sbbd.2024.240649},
 url = {https://sol.sbc.org.br/index.php/sbbd/article/view/30694}
}

@inproceedings{schneider2024sbbd,
 author = {Everton Schneider dos Santos and Matheus Machado dos Santos and Márcio Castro and Jonata Tyska Carvalho},
 title = { Performance Variability of Machine Learning Models using Limited Data for Collusion Detection: A Case Study of the Brazilian Car Wash Operation},
 booktitle = {Anais do XXXIX Simpósio Brasileiro de Bancos de Dados},
 location = {Florianópolis/SC},
 year = {2024},
 keywords = {},
 issn = {2763-8979},
 pages = {431--443},
 publisher = {SBC},
 address = {Porto Alegre, RS, Brasil},
 doi = {10.5753/sbbd.2024.240845},
 url = {https://sol.sbc.org.br/index.php/sbbd/article/view/30711}
}


@inproceedings{mello2024sbbd_estendido,
 author = {Ronaldo Mello and Luis Gustavo Bornia and Hudson da Silva and Felipe Pierotti and Marina Cardeal},
 title = { Uma Proposta de Modelagem de Dados no Domínio de Fraudes em Licitações Públicas},
 booktitle = {Anais Estendidos do XXXIX Simpósio Brasileiro de Bancos de Dados},
 location = {Florianópolis/SC},
 year = {2024},
 keywords = {},
 issn = {0000-0000},
 pages = {220--226},
 publisher = {SBC},
 address = {Porto Alegre, RS, Brasil},
 doi = {10.5753/sbbd_estendido.2024.243665},
 url = {https://sol.sbc.org.br/index.php/sbbd_estendido/article/view/30797}
}

@mastersthesis{souza2022desenvolvimento,
  title={Desenvolvimento de um mecanismo detector de anomalias em licita{\c{c}}{\~o}es municipais},
  author={Souza, Gustavo Martins de},
  type={{B.S.} thesis},
  year={2022},
  school={Universidade Tecnol{\'o}gica Federal do Paran{\'a}}
}

@article{jesus2021modelo,
  title={Modelo preditivo de risco de irregularidades em compras p{\'u}blicas no Estado de Goi{\'a}s},
  author={Jesus, Mauricio Barros de},
  year={2021}
}